@inproceedings{shao2023reasonnet,
  title={Reasonnet: End-to-end driving with temporal and global reasoning},
  author={Shao, Hao and Wang, Letian and Chen, Ruobing and Waslander, Steven L and Li, Hongsheng and Liu, Yu},
  booktitle={Proceedings of the IEEE/CVF Conference on Computer Vision and Pattern Recognition},
  pages={13723--13733},
  year={2023}
}

@inproceedings{shao2023safety,
  title={Safety-enhanced autonomous driving using interpretable sensor fusion transformer},
  author={Shao, Hao and Wang, Letian and Chen, Ruobing and Li, Hongsheng and Liu, Yu},
  booktitle={Conference on Robot Learning},
  pages={726--737},
  year={2023},
  organization={PMLR}
}

@article{wu2022trajectory,
  title={Trajectory-guided control prediction for end-to-end autonomous driving: A simple yet strong baseline},
  author={Wu, Penghao and Jia, Xiaosong and Chen, Li and Yan, Junchi and Li, Hongyang and Qiao, Yu},
  journal={Advances in Neural Information Processing Systems},
  volume={35},
  pages={6119--6132},
  year={2022}
}

@inproceedings{jaeger2023hidden,
  title={Hidden biases of end-to-end driving models},
  author={Jaeger, Bernhard and Chitta, Kashyap and Geiger, Andreas},
  booktitle={Proceedings of the IEEE/CVF International Conference on Computer Vision},
  pages={8240--8249},
  year={2023}
}

@misc{carla_leaderboard,
  title = {CARLA Autonomous Driving Leaderboard: Evaluation and Metrics},
  howpublished = {\url{https://leaderboard.carla.org/#evaluation-and-metrics}},
  year = {2024},
  note = {Accessed: 2024-06-07}
}

@misc{paperswithcode_carla_leaderboard,
  title = {CARLA Leaderboard Benchmark (Autonomous Driving)},
  howpublished = {\url{https://paperswithcode.com/sota/autonomous-driving-on-carla-leaderboard}},
  year = {2024},
  note = {Accessed: 2024-06-07}
}
